<?xml version="1.0" encoding="UTF-8"?><collection xmlns="http://www.loc.gov/MARC21/slim"><record><leader>00661nam--2200193-i-4500</leader><controlfield tag="001">000015651</controlfield><controlfield tag="002">20161230</controlfield><controlfield tag="005">20161230201031</controlfield><controlfield tag="008">060222s1000------------r-----000-0-eng-d</controlfield><datafield ind1=" " ind2=" " tag="040"><subfield code="a">IFIN-HH</subfield></datafield><datafield ind1=" " ind2=" " tag="080"><subfield code="a">537.56(061.3)</subfield></datafield><datafield ind1="1" ind2=" " tag="100"><subfield code="a">Bakos, J.S. /S.A.</subfield></datafield><datafield ind1="1" ind2="0" tag="245"><subfield code="a">Phenomena in ionized gases</subfield><subfield code="b">Xvii international conference on phenomena in ionized gases. budapest 8-12 july, 1985</subfield><subfield code="c">J.s. bakos, zsuzsa sorlei (eds.)</subfield></datafield><datafield ind1=" " ind2=" " tag="260"><subfield code="a">Budapest</subfield><subfield code="b">Central Research Institute For Physics</subfield><subfield code="c">1985</subfield></datafield><datafield ind1=" " ind2=" " tag="300"><subfield code="a">THREE PARTS</subfield></datafield><datafield ind1="1" ind2=" " tag="700"><subfield code="a">Sorlei, Zsuzsa</subfield><subfield code="e">Ed</subfield></datafield><datafield ind1="1" ind2=" " tag="787"><subfield code="a">Part Ii</subfield><subfield code="h">/539p./1145p</subfield><subfield code="t">Contributed Papers</subfield></datafield><datafield ind1=" " ind2=" " tag="852"><subfield code="a">73294</subfield><subfield code="c">537.52</subfield></datafield><datafield ind1=" " ind2=" " tag="CAT"><subfield code="a">Sys</subfield><subfield code="c">20110804</subfield><subfield code="h">152146</subfield></datafield></record></collection>